<?xml version="1.0" encoding="UTF-8"?><collection xmlns="http://www.loc.gov/MARC21/slim"><record><leader>00516nam--2200145-i-4500</leader><controlfield tag="001">000015416</controlfield><controlfield tag="002">20161230</controlfield><controlfield tag="005">20161230201031</controlfield><controlfield tag="008">060222s1000------------r-----000-0-eng-d</controlfield><datafield ind1=" " ind2=" " tag="080"><subfield code="a">621.382(063)</subfield></datafield><datafield ind1=" " ind2=" " tag="245"><subfield code="a">Electron-beam, x-ray, and ion-beam technique for submicron lithographies ii</subfield></datafield><datafield ind1=" " ind2=" " tag="260"><subfield code="a">Washyington, The International Society For Op Tical Engineering, 1983. Viii + 242 P</subfield></datafield><datafield ind1=" " ind2=" " tag="490"><subfield code="a">Proceedings Of The Spie-the International Soci Ety For Opticcal Engineering</subfield></datafield><datafield ind1=" " ind2=" " tag="700"><subfield code="a">Blais, Philip D</subfield></datafield><datafield ind1=" " ind2=" " tag="852"><subfield code="a">72483</subfield></datafield></record></collection>